<collection xmlns="http://www.loc.gov/MARC21/slim">
<record>
  <leader>01600nam0a22002651i 450 </leader>
  <controlfield tag="001">IT\ICCU\CNCE\076781</controlfield>
  <controlfield tag="005">20120323000000.0</controlfield>
  <datafield tag="012" ind1=" " ind2=" ">
    <subfield code="a">,&amp;u- inam s.te Inse (3) 1593 (R)</subfield>
    <subfield code="2">fei</subfield>
  </datafield>
  <datafield tag="100" ind1=" " ind2=" ">
    <subfield code="a">20111017d1593        0itac0103    ba</subfield>
  </datafield>
  <datafield tag="101" ind1=" " ind2=" ">
    <subfield code="a">LAT</subfield>
  </datafield>
  <datafield tag="102" ind1=" " ind2=" ">
    <subfield code="a">IT</subfield>
  </datafield>
  <datafield tag="200" ind1="1" ind2=" ">
    <subfield code="a">℗Ludouici Rodolfini de Sabloneta i.v.d. ℗Quaestionum liber primus. In quo multa quotidiana, et practicabilia elucidantur, quae hactenus sub caligine velata fuerunt. Aduocatis, causidicis, ac in foro versantibus apprime vtilis, &amp; necessarius. Nunc primum in lucem editus, cum argumentis, summarijs, ac indice locupletissimis</subfield>
  </datafield>
  <datafield tag="210" ind1=" " ind2=" ">
    <subfield code="a">Cremonae</subfield>
    <subfield code="c">ex typographia Baptistae Pellizarii</subfield>
    <subfield code="d">1593</subfield>
  </datafield>
  <datafield tag="215" ind1=" " ind2=" ">
    <subfield code="a">\12!, 80 p.</subfield>
    <subfield code="d">4</subfield>
  </datafield>
  <datafield tag="620" ind1=" " ind2=" ">
    <subfield code="a">IT</subfield>
    <subfield code="d">Cremona</subfield>
  </datafield>
  <datafield tag="700" ind1=" " ind2="1">
    <subfield code="a">Rodolfini,</subfield>
    <subfield code="b">Ludovico</subfield>
    <subfield code="3">IT\ICCU\CNCA\029596</subfield>
  </datafield>
  <datafield tag="712" ind1="0" ind2="0">
    <subfield code="a">Pellizzari, Giovanni Battista</subfield>
    <subfield code="3">IT\ICCU\CNCT\000833</subfield>
    <subfield code="4">650</subfield>
  </datafield>
  <datafield tag="791" ind1="0" ind2="0">
    <subfield code="a">Pellizzaro, Battista</subfield>
    <subfield code="3">IT\ICCU\CNCT\005348</subfield>
    <subfield code="z">Pellizzari, Giovanni Battista</subfield>
  </datafield>
  <datafield tag="791" ind1="0" ind2="0">
    <subfield code="a">Pellizari, Battista</subfield>
    <subfield code="3">IT\ICCU\CNCT\005349</subfield>
    <subfield code="z">Pellizzari, Giovanni Battista</subfield>
  </datafield>
  <datafield tag="791" ind1="0" ind2="0">
    <subfield code="a">Pellizarius, Ioannes Baptista</subfield>
    <subfield code="3">IT\ICCU\CNCT\005350</subfield>
    <subfield code="z">Pellizzari, Giovanni Battista</subfield>
  </datafield>
  <datafield tag="791" ind1="0" ind2="0">
    <subfield code="a">Pellizzarius, Baptista</subfield>
    <subfield code="3">IT\ICCU\CNCT\005353</subfield>
    <subfield code="z">Pellizzari, Giovanni Battista</subfield>
  </datafield>
  <datafield tag="801" ind1=" " ind2="3">
    <subfield code="a">IT</subfield>
    <subfield code="b">ICCU</subfield>
    <subfield code="c">20201115</subfield>
  </datafield>
  <datafield tag="899" ind1=" " ind2=" ">
    <subfield code="a">Biblioteca statale. Cremona</subfield>
    <subfield code="1">CR0062</subfield>
    <subfield code="2">LO1 28</subfield>
  </datafield>
  <datafield tag="911" ind1=" " ind2=" ">
    <subfield code="a">Sul front.</subfield>
    <subfield code="9">IT\ICCU\CNCM\001510</subfield>
  </datafield>
  <datafield tag="921" ind1=" " ind2=" ">
    <subfield code="a">IT\ICCU\CNCM\001510</subfield>
    <subfield code="b">Orfeo in piedi tra due alberi suona la viola (lira da braccio). In basso un leone e un cervo. In cornice figurata.</subfield>
    <subfield code="e">Vis in virtute coelestis</subfield>
    <subfield code="c">U426</subfield>
    <subfield code="d">Dimensioni: 7,5 x 8,5</subfield>
    <subfield code="f">VISINVIRTU</subfield>
    <subfield code="f">ORFEO</subfield>
    <subfield code="f">ALBERI</subfield>
    <subfield code="f">VIOLA</subfield>
    <subfield code="f">LEONE</subfield>
    <subfield code="g">1591-1598</subfield>
  </datafield>
</record>
</collection>
